@article{strobl2009,
  title={Advances in neutron radiography and tomography},
  author={Strobl, M and Manke, I and Kardjilov, N and Hilger, A and Dawson, M and Banhart, J},
  journal={Journal of Physics D: Applied Physics},
  volume={42},
  number={24},
  pages={243001},
  year={2009},
  publisher={IOP Publishing}
}

@article{sato2017,
  title={Deriving Quantitative Crystallographic Information from the Wavelength-Resolved Neutron Transmission Analysis Performed in Imaging Mode},
  author={Sato, Hirotaka},
  journal={Journal of Imaging},
  volume={4},
  number={1},
  pages={7},
  year={2017},
  publisher={Multidisciplinary Digital Publishing Institute}
}

@article{lehmann2010,
  title={Energy selective neutron radiography in material research},
  author={Josic, Lidija and Steuwer, Axel and Lehmann, E},
  journal={Applied Physics A},
  volume={99},
  number={3},
  pages={515--522},
  year={2010},
  publisher={Springer}
}

@phdthesis{vogel2000thesis,
  title={A Rietveld-approach for the analysis of neutron time-of-flight transmission data},
  author={Vogel, Sven},
  year={2000},
  school={Verlag nicht ermittelbar}
}